<record><leader>00000cas a22000007a 4500</leader><controlfield tag="001">10589222</controlfield><controlfield tag="008">840403d18751881nbuwr ne      0    0eng d</controlfield><datafield ind1=" " ind2=" " tag="010"><subfield code="a">sn 84022836 </subfield></datafield><datafield ind1=" " ind2=" " tag="040"><subfield code="a">NPX</subfield><subfield code="b">eng</subfield><subfield code="c">NPX</subfield><subfield code="d">OCLCQ</subfield></datafield><datafield ind1=" " ind2=" " tag="042"><subfield code="a">msc</subfield></datafield><datafield ind1=" " ind2=" " tag="043"><subfield code="a">n-us-nb</subfield></datafield><datafield ind1="0" ind2="0" tag="245"><subfield code="a">Republican City news.</subfield></datafield><datafield ind1=" " ind2=" " tag="260"><subfield code="a">Republican City, Neb. :</subfield><subfield code="b">Flavius Macmillan</subfield></datafield><datafield ind1=" " ind2=" " tag="300"><subfield code="a">v.</subfield></datafield><datafield ind1=" " ind2=" " tag="310"><subfield code="a">Weekly</subfield></datafield><datafield ind1="1" ind2=" " tag="362"><subfield code="a">Began in 1875; ceased in 1881.</subfield><subfield code="z">Cf. Gregory, W. Amer. newspapers.</subfield></datafield><datafield ind1=" " ind2=" " tag="500"><subfield code="a">Editors: Flavius &amp; Mary Macmillan, &lt;1876&gt;.</subfield></datafield><datafield ind1=" " ind2=" " tag="500"><subfield code="a">Printers: Flavius &amp; Mary Macmillan, &lt;1876&gt;.</subfield></datafield><datafield ind1=" " ind2=" " tag="500"><subfield code="a">"Republican." Cf. Rowell, 1877.</subfield></datafield><datafield ind1=" " ind2=" " tag="588"><subfield code="a">Description based on: No. 71 (July 1, 1876).</subfield></datafield><datafield ind1="1" ind2=" " tag="700"><subfield code="a">Macmillan, Flavius.</subfield></datafield><datafield ind1="1" ind2=" " tag="700"><subfield code="a">Macmillan, Mary.</subfield></datafield><datafield ind1=" " ind2=" " tag="752"><subfield code="a">United States</subfield><subfield code="b">Nebraska</subfield><subfield code="c">Harlan</subfield><subfield code="d">Republican City.</subfield></datafield><datafield ind1="0" ind2="0" tag="785"><subfield code="t">Harlan County news</subfield></datafield><datafield ind1="1" ind2=" " tag="029"><subfield code="a">AU@</subfield><subfield code="b">000025818346</subfield></datafield></record>